<record><leader>00000cas a22000007a 4500</leader><controlfield tag="001">40214251</controlfield><controlfield tag="008">981102d1903192usduwr ne      0    0eng d</controlfield><datafield ind1=" " ind2=" " tag="010"><subfield code="a">sn 98062930 </subfield></datafield><datafield ind1=" " ind2=" " tag="040"><subfield code="a">SXN</subfield><subfield code="b">eng</subfield><subfield code="c">SXN</subfield><subfield code="d">OCLCQ</subfield><subfield code="d">OCLCO</subfield></datafield><datafield ind1="1" ind2=" " tag="029"><subfield code="a">AU@</subfield><subfield code="b">000024787712</subfield></datafield><datafield ind1=" " ind2=" " tag="042"><subfield code="a">msc</subfield></datafield><datafield ind1=" " ind2=" " tag="043"><subfield code="a">n-us-sd</subfield></datafield><datafield ind1="0" ind2="0" tag="245"><subfield code="a">Beadle County herald.</subfield></datafield><datafield ind1=" " ind2=" " tag="260"><subfield code="a">Wolsey, Beadle County, S.D. :</subfield><subfield code="b">W.A. Johns,</subfield><subfield code="c">1903-</subfield></datafield><datafield ind1=" " ind2=" " tag="300"><subfield code="a">v.</subfield></datafield><datafield ind1=" " ind2=" " tag="310"><subfield code="a">Weekly</subfield></datafield><datafield ind1="0" ind2=" " tag="362"><subfield code="a">Vol. 1, no. 1 (May 27, 1903)-</subfield></datafield><datafield ind1=" " ind2=" " tag="515"><subfield code="a">Issue numbering irregular.</subfield></datafield><datafield ind1=" " ind2=" " tag="530"><subfield code="a">Available on microfilm from: State Archives, South Dakota State Historical Society.</subfield></datafield><datafield ind1=" " ind2=" " tag="580"><subfield code="a">Merged with: Beadle County courier, and: South Dakota news, to form: Courier-herald (Huron, S.D.).</subfield></datafield><datafield ind1=" " ind2="0" tag="651"><subfield code="a">Huron (S.D.)</subfield><subfield code="v">Newspapers.</subfield></datafield><datafield ind1=" " ind2="0" tag="651"><subfield code="a">Virgil (S.D.)</subfield><subfield code="v">Newspapers.</subfield></datafield><datafield ind1=" " ind2="0" tag="651"><subfield code="a">Beadle County (S.D.)</subfield><subfield code="v">Newspapers.</subfield></datafield><datafield ind1=" " ind2=" " tag="752"><subfield code="a">United States</subfield><subfield code="b">South Dakota</subfield><subfield code="c">Beadle</subfield><subfield code="d">Huron.</subfield></datafield><datafield ind1="1" ind2="7" tag="785"><subfield code="t">Beadle County courier</subfield></datafield><datafield ind1="1" ind2="7" tag="785"><subfield code="t">South Dakota news</subfield><subfield code="w">(DLC)sn 98062922</subfield></datafield><datafield ind1="1" ind2="7" tag="785"><subfield code="t">Courier-herald (Huron, S.D.)</subfield><subfield code="w">(DLC)sn 98062929</subfield></datafield></record>